Scopus
EXPORT DATE: 21 February 2017

@ARTICLE{Roman20132266,
author={Roman, R. and Zhou, J. and Lopez, J.},
title={On the features and challenges of security and privacy in distributed internet of things},
journal={Computer Networks},
year=2013,
volume={57},
number={10},
pages={2266-2279},
doi={10.1016/j.comnet.2012.12.018},
url={https://www.scopus.com/inward/record.uri?eid=2-s2.0-84879225866&doi=10.1016%2fj.comnet.2012.12.018&partnerID=40&md5=e9aa4afb7a40923b86ee7e0788743c94},
document_type={Article},
source={Scopus},
}

@ARTICLE{Weber201023,
author={Weber, R.H.},
title={Internet of Things - New security and privacy challenges},
journal={Computer Law and Security Review},
year=2010,
volume={26},
number={1},
pages={23-30},
doi={10.1016/j.clsr.2009.11.008},
url={https://www.scopus.com/inward/record.uri?eid=2-s2.0-74949143896&doi=10.1016%2fj.clsr.2009.11.008&partnerID=40&md5=e25b3f9a2022e03be4518ed7c9438ea2},
document_type={Article},
source={Scopus},
}
